<?xml version='1.0' encoding='utf-8'?>
<record xmlns="http://www.loc.gov/MARC21/slim" xmlns:xsi="http://www.w3.org/2001/XMLSchema-instance">
  <leader>00000nac^a2200193^a^4500</leader>
  <controlfield tag="001">004025321</controlfield>
  <controlfield tag="005">20150805101557.0</controlfield>
  <controlfield tag="008">990423i18871914xx^^^^^^^^^^^^000^0^eng^d</controlfield>
  <datafield tag="035" ind1=" " ind2=" ">
    <subfield code="a">(OCoLC)84044715</subfield>
  </datafield>
  <datafield tag="040" ind1=" " ind2=" ">
    <subfield code="a">MiU-H</subfield>
    <subfield code="c">MiU-H</subfield>
    <subfield code="d">MiU-H</subfield>
  </datafield>
  <datafield tag="110" ind1="2" ind2=" ">
    <subfield code="a">Bay View Reading Club.</subfield>
  </datafield>
  <datafield tag="245" ind1="1" ind2="0">
    <subfield code="a">Books published for the use of the Bay View Reading Club.</subfield>
  </datafield>
  <datafield tag="260" ind1=" " ind2=" ">
    <subfield code="c">1887-1914.</subfield>
  </datafield>
  <datafield tag="300" ind1=" " ind2=" ">
    <subfield code="a">1 linear ft.</subfield>
  </datafield>
  <datafield tag="500" ind1=" " ind2=" ">
    <subfield code="a">The club is also referred to as the Bay View Reading Circle.</subfield>
  </datafield>
  <datafield tag="555" ind1="0" ind2=" ">
    <subfield code="a">Finding aid in the library.</subfield>
  </datafield>
  <datafield tag="555" ind1="0" ind2=" ">
    <subfield code="a">Finding aid available via the World Wide web at URL: http://quod.lib.umich.edu/cgi/f/findaid/findaid-idx?c=bhlead&amp;idno=umich-bhl-2009141</subfield>
  </datafield>
  <datafield tag="650" ind1=" " ind2="0">
    <subfield code="a">Group reading</subfield>
    <subfield code="z">Michigan.</subfield>
  </datafield>
  <datafield tag="856" ind1="4" ind2="2">
    <subfield code="3">Finding aid :</subfield>
    <subfield code="u">http://quod.lib.umich.edu/cgi/f/findaid/findaid-idx?c=bhlead&amp;idno=umich-bhl-2009141</subfield>
  </datafield>
  <datafield tag="852" ind1="8" ind2=" ">
    <subfield code="a">MiU-H</subfield>
    <subfield code="b">BENT</subfield>
    <subfield code="h">2009141 Fi 2</subfield>
  </datafield>
  <datafield tag="997" ind1=" " ind2=" ">
    <subfield code="a">MARS</subfield>
  </datafield>
  <datafield tag="998" ind1=" " ind2=" ">
    <subfield code="c">LAC</subfield>
  </datafield>
  <datafield tag="955" ind1=" " ind2=" ">
    <subfield code="b">BENT</subfield>
    <subfield code="p">39015071503976</subfield>
    <subfield code="z">Boulger, Demetrious C. Belgium. 1913.</subfield>
  </datafield>
  <datafield tag="955" ind1=" " ind2=" ">
    <subfield code="b">BENT</subfield>
    <subfield code="p">39015071503984</subfield>
    <subfield code="z">Hall, John M., ed. England: An Account of Past and Contemporary Conditions and Progress. Reprint. 1914.</subfield>
  </datafield>
  <datafield tag="955" ind1=" " ind2=" ">
    <subfield code="b">BENT</subfield>
    <subfield code="p">39015071503992</subfield>
    <subfield code="z">Bryce, James. South America: Observations and Impressions. 1912. (Macmillan)</subfield>
  </datafield>
  <datafield tag="955" ind1=" " ind2=" ">
    <subfield code="b">BENT</subfield>
    <subfield code="p">39015071504008</subfield>
    <subfield code="z">Martin, W.A.P. The Awakening of China. 1910. (Doubleday, Page)</subfield>
  </datafield>
  <datafield tag="955" ind1=" " ind2=" ">
    <subfield code="b">BENT</subfield>
    <subfield code="p">39015071504016</subfield>
    <subfield code="z">Hawtrey, Mrs. H.C. A Short History of Germany. 1913.</subfield>
  </datafield>
  <datafield tag="955" ind1=" " ind2=" ">
    <subfield code="b">BENT</subfield>
    <subfield code="p">39015071504024</subfield>
    <subfield code="z">Parmalee, Mary Platt. A Short History of France. 1905. (Scribnerâs)</subfield>
  </datafield>
  <datafield tag="955" ind1=" " ind2=" ">
    <subfield code="b">BENT</subfield>
    <subfield code="p">39015071504032</subfield>
    <subfield code="z">Carson, W. E. Mexico: The Wonderland of the South. 1913 (Macmillan)</subfield>
  </datafield>
  <datafield tag="955" ind1=" " ind2=" ">
    <subfield code="b">BENT</subfield>
    <subfield code="p">39015071504040</subfield>
    <subfield code="z">Compton, Herbert. Indian Life in Town and Country. 1904. (Putnamâs)</subfield>
  </datafield>
  <datafield tag="955" ind1=" " ind2=" ">
    <subfield code="b">BENT</subfield>
    <subfield code="p">39015071504057</subfield>
    <subfield code="z">Hall, John M., United States. 1907.</subfield>
  </datafield>
  <datafield tag="955" ind1=" " ind2=" ">
    <subfield code="b">BENT</subfield>
    <subfield code="p">39015071504065</subfield>
    <subfield code="z">Palmer, Francis H.E. Austro-Hungarian Life in Town and Country. 1903. (Putnamâs)</subfield>
  </datafield>
  <datafield tag="955" ind1=" " ind2=" ">
    <subfield code="b">BENT</subfield>
    <subfield code="p">39015071504073</subfield>
    <subfield code="z">Parmalee, Mary Platt. The Story of Spain Briefly Told. 1898. (Continental) (copy 1)</subfield>
  </datafield>
  <datafield tag="955" ind1=" " ind2=" ">
    <subfield code="b">BENT</subfield>
    <subfield code="p">39015071504081</subfield>
    <subfield code="z">Dowden, Edward. A History of French Literature. 1898. (Appleton)</subfield>
  </datafield>
  <datafield tag="955" ind1=" " ind2=" ">
    <subfield code="b">BENT</subfield>
    <subfield code="p">39015071504099</subfield>
    <subfield code="z">Stoddard, Charles Augustus. Across Russia: From the Baltic to the Danube. 1891. (Scribnerâs)</subfield>
  </datafield>
  <datafield tag="955" ind1=" " ind2=" ">
    <subfield code="b">BENT</subfield>
    <subfield code="p">39015071504107</subfield>
    <subfield code="z">Parmalee, Mary Platt. The Story of Spain Briefly Told. 1898. (Continental) (copy 3)</subfield>
  </datafield>
  <datafield tag="955" ind1=" " ind2=" ">
    <subfield code="b">BENT</subfield>
    <subfield code="p">39015071504115</subfield>
    <subfield code="z">Parmalee, Mary Platt. The Story of Spain Briefly Told. 1898. (Continental) (copy 2)</subfield>
  </datafield>
  <datafield tag="955" ind1=" " ind2=" ">
    <subfield code="b">BENT</subfield>
    <subfield code="p">39015071504123</subfield>
    <subfield code="z">Parmalee, Mary Platt. A Short History of Russia. 1899. (Continental) (copy 2)</subfield>
  </datafield>
  <datafield tag="955" ind1=" " ind2=" ">
    <subfield code="b">BENT</subfield>
    <subfield code="p">39015071504131</subfield>
    <subfield code="z">Parmalee, Mary Platt. A Short History of Russia. 1899. (Continental) (copy 1)</subfield>
  </datafield>
  <datafield tag="955" ind1=" " ind2=" ">
    <subfield code="b">BENT</subfield>
    <subfield code="p">39015071504149</subfield>
    <subfield code="z">Parmalee, Mary Platt. A Short History of Germany. 1897. (Harison)</subfield>
  </datafield>
  <datafield tag="955" ind1=" " ind2=" ">
    <subfield code="b">BENT</subfield>
    <subfield code="p">39015071504156</subfield>
    <subfield code="z">Hoppin, James M. Old England. 1900 (Houghton Mifflin)</subfield>
  </datafield>
  <datafield tag="955" ind1=" " ind2=" ">
    <subfield code="b">BENT</subfield>
    <subfield code="p">39015071504164</subfield>
    <subfield code="z">Parmalee, Mary Platt. A Short History of Rome and Italy. 1901. (Scribnerâs)</subfield>
  </datafield>
  <datafield tag="955" ind1=" " ind2=" ">
    <subfield code="b">BENT</subfield>
    <subfield code="p">39015071504172</subfield>
    <subfield code="z">Lummis, Charles F. The Awakening of a Nation: Mexico of Today. 1902. (Harper)</subfield>
  </datafield>
  <datafield tag="955" ind1=" " ind2=" ">
    <subfield code="b">BENT</subfield>
    <subfield code="p">39015071504180</subfield>
    <subfield code="z">Parmalee, Mary Platt. A Short History of France. Revised ed. 1908. (Scribnerâs)</subfield>
  </datafield>
  <datafield tag="955" ind1=" " ind2=" ">
    <subfield code="b">BENT</subfield>
    <subfield code="p">39015071504198</subfield>
    <subfield code="z">Parmalee, Mary Platt. A Short History of Rome and Italy. 1908. (Scribnerâs)</subfield>
  </datafield>
  <datafield tag="955" ind1=" " ind2=" ">
    <subfield code="b">BENT</subfield>
    <subfield code="p">39015071504206</subfield>
    <subfield code="z">Witt, Robert Clermont. How to Look at Pictures. 1905.</subfield>
  </datafield>
  <datafield tag="955" ind1=" " ind2=" ">
    <subfield code="b">BENT</subfield>
    <subfield code="p">39015071504214</subfield>
    <subfield code="z">Hall, John M., ed. England: An Account of Past and Contemporary Conditions and Progress. 1906.</subfield>
  </datafield>
  <datafield tag="955" ind1=" " ind2=" ">
    <subfield code="b">BENT</subfield>
    <subfield code="p">39015071504222</subfield>
    <subfield code="z">Higgin, L. Spanish Life in Town and Country. 1902. (Putnamâs)</subfield>
  </datafield>
  <datafield tag="955" ind1=" " ind2=" ">
    <subfield code="b">BENT</subfield>
    <subfield code="p">39015071504230</subfield>
    <subfield code="z">Parry, Emma Louise. Life Among the Germans. 1887. (Lathrop)</subfield>
  </datafield>
  <datafield tag="955" ind1=" " ind2=" ">
    <subfield code="b">BENT</subfield>
    <subfield code="p">39015071504248</subfield>
    <subfield code="z">Parmalee, Mary Platt. Evolution of an Empire: A Brief Historical Sketch of the United States. 1896. (Harison)</subfield>
  </datafield>
  <datafield tag="955" ind1=" " ind2=" ">
    <subfield code="b">BENT</subfield>
    <subfield code="p">39015071504255</subfield>
    <subfield code="z">Griffis, William Elliot. Brave Little Holland, and What She Has Taught Us. Revised ed. 1894. (Houghton Mifflin)</subfield>
  </datafield>
  <datafield tag="955" ind1=" " ind2=" ">
    <subfield code="b">BENT</subfield>
    <subfield code="p">39015071504263</subfield>
    <subfield code="z">Hall, John M., Greek Life. 1908.</subfield>
  </datafield>
  <datafield tag="955" ind1=" " ind2=" ">
    <subfield code="b">BENT</subfield>
    <subfield code="p">39015071504271</subfield>
    <subfield code="z">Clough, Ethlyn T., Norwegian Life: An Account of Past and Contemporary Conditions and Progress in Norway and Sweden. 1909.</subfield>
  </datafield>
  <datafield tag="955" ind1=" " ind2=" ">
    <subfield code="b">BENT</subfield>
    <subfield code="p">39015071504289</subfield>
    <subfield code="z">Clough, Ethlyn T., Oriental Life: An Account of Past and Contemporary Conditions and Progress in Asia, Excepting China, India and Japan. 1910.</subfield>
  </datafield>
  <datafield tag="955" ind1=" " ind2=" ">
    <subfield code="b">BENT</subfield>
    <subfield code="p">39015071504297</subfield>
    <subfield code="z">Clough, Ethlyn T., ed. Africa: An Account of Past and Contemporary Conditions and Progress. 1911.</subfield>
  </datafield>
  <datafield tag="955" ind1=" " ind2=" ">
    <subfield code="b">BENT</subfield>
    <subfield code="p">39015071504305</subfield>
    <subfield code="z">Clough, Ethlyn T., South American Life: An Account of Past and Contemporary Conditions and Progress in South America. 1912.</subfield>
  </datafield>
</record>
